%% This BibTeX bibliography file was created using BibDesk.
%% https://bibdesk.sourceforge.io/

%% Created for Matt at 2020-05-22 09:39:02 -0400 


%% Saved with string encoding Unicode (UTF-8) 



@article{Delgado-Bonal:2017aa,
	Author = {Alfonso Delgado-Bonal},
	Date-Added = {2020-05-22 09:36:39 -0400},
	Date-Modified = {2020-05-22 09:36:39 -0400},
	Doi = {10.1038/s41598-017-01622-6},
	Journal = {Scientific Reports},
	Month = {May},
	Number = {1},
	Pages = {1-11},
	Title = {Entropy of radiation: the unseen side of light},
	Volume = {7},
	Year = {2017},
	Bdsk-File-1 = {YnBsaXN0MDDSAQIDBFxyZWxhdGl2ZVBhdGhZYWxpYXNEYXRhXxBfLi4vLi4vRG9jdW1lbnRzL1BhcGVycy8yMDE3L0RlbGdhZG8tQm9uYWwyMDE3LUVudHJvcHkgb2YgcmFkaWF0aW9uIHRoZSB1bnNlZW4gc2lkZSBvZiBsaWdodC5wZGZPEQIqAAAAAAIqAAIAAAxNYWNpbnRvc2ggSEQAAAAAAAAAAAAAAAAAAAAAAAAAQkQAAf////8fRGVsZ2Fkby1Cb25hbDIwMTctI0ZGRkZGRkZGLnBkZgAAAAAAAAAAAAAAAAAAAAAAAAAAAAAAAAAAAAAAAAAA/////wAAAAAAAAAAAAAAAAACAAQAAAogY3UAAAAAAAAAAAAAAAAABDIwMTcAAgBmLzpVc2Vyczpta2gyOkRvY3VtZW50czpQYXBlcnM6MjAxNzpEZWxnYWRvLUJvbmFsMjAxNy1FbnRyb3B5IG9mIHJhZGlhdGlvbiB0aGUgdW5zZWVuIHNpZGUgb2YgbGlnaHQucGRmAA4AiABDAEQAZQBsAGcAYQBkAG8ALQBCAG8AbgBhAGwAMgAwADEANwAtAEUAbgB0AHIAbwBwAHkAIABvAGYAIAByAGEAZABpAGEAdABpAG8AbgAgAHQAaABlACAAdQBuAHMAZQBlAG4AIABzAGkAZABlACAAbwBmACAAbABpAGcAaAB0AC4AcABkAGYADwAaAAwATQBhAGMAaQBuAHQAbwBzAGgAIABIAEQAEgBkVXNlcnMvbWtoMi9Eb2N1bWVudHMvUGFwZXJzLzIwMTcvRGVsZ2Fkby1Cb25hbDIwMTctRW50cm9weSBvZiByYWRpYXRpb24gdGhlIHVuc2VlbiBzaWRlIG9mIGxpZ2h0LnBkZgATAAEvAAAVAAIAC///AAAACAANABoAJACGAAAAAAAAAgEAAAAAAAAABQAAAAAAAAAAAAAAAAAAArQ=},
	Bdsk-File-2 = {YnBsaXN0MDDSAQIDBFxyZWxhdGl2ZVBhdGhZYWxpYXNEYXRhXxBgLi4vLi4vRG9jdW1lbnRzL1BhcGVycy8yMDE3L0RlbGdhZG8tQm9uYWwyMDE3YS1FbnRyb3B5IG9mIHJhZGlhdGlvbiB0aGUgdW5zZWVuIHNpZGUgb2YgbGlnaHQucGRmTxECMAAAAAACMAACAAAMTWFjaW50b3NoIEhEAAAAAAAAAAAAAAAAAAAAAAAAAEJEAAH/////H0RlbGdhZG8tQm9uYWwyMDE3YSNGRkZGRkZGRi5wZGYAAAAAAAAAAAAAAAAAAAAAAAAAAAAAAAAAAAAAAAAAAP////8AAAAAAAAAAAAAAAAAAgAEAAAKIGN1AAAAAAAAAAAAAAAAAAQyMDE3AAIAZy86VXNlcnM6bWtoMjpEb2N1bWVudHM6UGFwZXJzOjIwMTc6RGVsZ2Fkby1Cb25hbDIwMTdhLUVudHJvcHkgb2YgcmFkaWF0aW9uIHRoZSB1bnNlZW4gc2lkZSBvZiBsaWdodC5wZGYAAA4AigBEAEQAZQBsAGcAYQBkAG8ALQBCAG8AbgBhAGwAMgAwADEANwBhAC0ARQBuAHQAcgBvAHAAeQAgAG8AZgAgAHIAYQBkAGkAYQB0AGkAbwBuACAAdABoAGUAIAB1AG4AcwBlAGUAbgAgAHMAaQBkAGUAIABvAGYAIABsAGkAZwBoAHQALgBwAGQAZgAPABoADABNAGEAYwBpAG4AdABvAHMAaAAgAEgARAASAGVVc2Vycy9ta2gyL0RvY3VtZW50cy9QYXBlcnMvMjAxNy9EZWxnYWRvLUJvbmFsMjAxN2EtRW50cm9weSBvZiByYWRpYXRpb24gdGhlIHVuc2VlbiBzaWRlIG9mIGxpZ2h0LnBkZgAAEwABLwAAFQACAAv//wAAAAgADQAaACQAhwAAAAAAAAIBAAAAAAAAAAUAAAAAAAAAAAAAAAAAAAK7}}
